<record><leader>00000cas a2200000 a 4500</leader><controlfield tag="001">6881946</controlfield><controlfield tag="008">801030d18671920iluwr ne      0   a0eng c</controlfield><datafield ind1=" " ind2=" " tag="010"><subfield code="a">sn 86090470 </subfield></datafield><datafield ind1=" " ind2=" " tag="040"><subfield code="a">BTI</subfield><subfield code="b">eng</subfield><subfield code="c">BTI</subfield><subfield code="d">PPM</subfield><subfield code="d">NPV</subfield><subfield code="d">NYS</subfield><subfield code="d">NVF</subfield><subfield code="d">CVF</subfield><subfield code="d">ATL</subfield><subfield code="d">NVF</subfield><subfield code="d">ATL</subfield><subfield code="d">OCLCQ</subfield><subfield code="d">OCLCF</subfield><subfield code="d">OCLCO</subfield><subfield code="d">NVF</subfield></datafield><datafield ind1=" " ind2=" " tag="042"><subfield code="a">pcc</subfield></datafield><datafield ind1=" " ind2=" " tag="043"><subfield code="a">n-us-il</subfield><subfield code="a">n-usc--</subfield></datafield><datafield ind1=" " ind2="4" tag="050"><subfield code="a">BX6201</subfield></datafield><datafield ind1="0" ind2=" " tag="130"><subfield code="a">Standard (Chicago, Ill. : 1867)</subfield></datafield><datafield ind1="1" ind2="4" tag="245"><subfield code="a">The standard.</subfield></datafield><datafield ind1=" " ind2=" " tag="260"><subfield code="a">Chicago, Ill. :</subfield><subfield code="b">Leroy Church &amp; Edward Goodman,</subfield><subfield code="c">1867-1920.</subfield></datafield><datafield ind1=" " ind2=" " tag="300"><subfield code="a">volumes</subfield></datafield><datafield ind1=" " ind2=" " tag="310"><subfield code="a">Weekly</subfield></datafield><datafield ind1="0" ind2=" " tag="362"><subfield code="a">Vol. 15, no. 16 (Dec. 19, 1867)-v. 67, no. 21 (Jan. 24, 1920).</subfield></datafield><datafield ind1=" " ind2=" " tag="500"><subfield code="a">Format changes to a periodical, Jan. 4, 1896.</subfield></datafield><datafield ind1=" " ind2=" " tag="530"><subfield code="a">Available on microfilm;</subfield><subfield code="b">American Theological Library Association.</subfield></datafield><datafield ind1=" " ind2=" " tag="580"><subfield code="a">Formed by the union of: Christian times and witness and: Michigan Christian herald (Detroit, Mich. : 1842).</subfield></datafield><datafield ind1=" " ind2="0" tag="650"><subfield code="a">Baptists</subfield><subfield code="z">Middle West</subfield><subfield code="v">Newspapers.</subfield></datafield><datafield ind1=" " ind2="0" tag="650"><subfield code="a">Baptists</subfield><subfield code="z">Illinois</subfield><subfield code="v">Newspapers.</subfield></datafield><datafield ind1=" " ind2="0" tag="651"><subfield code="a">Chicago (Ill.)</subfield><subfield code="v">Newspapers.</subfield></datafield><datafield ind1=" " ind2="7" tag="650"><subfield code="a">Baptists.</subfield><subfield code="2">fast</subfield><subfield code="0">(OCoLC)fst00827285</subfield></datafield><datafield ind1=" " ind2="7" tag="651"><subfield code="a">Illinois.</subfield><subfield code="2">fast</subfield><subfield code="0">(OCoLC)fst01205143</subfield></datafield><datafield ind1=" " ind2="7" tag="651"><subfield code="a">Illinois</subfield><subfield code="z">Chicago.</subfield><subfield code="2">fast</subfield><subfield code="0">(OCoLC)fst01204048</subfield></datafield><datafield ind1=" " ind2="7" tag="651"><subfield code="a">Middle West.</subfield><subfield code="2">fast</subfield><subfield code="0">(OCoLC)fst01240052</subfield></datafield><datafield ind1=" " ind2="7" tag="655"><subfield code="a">Newspapers.</subfield><subfield code="2">fast</subfield><subfield code="0">(OCoLC)fst01423814</subfield></datafield><datafield ind1=" " ind2=" " tag="752"><subfield code="a">United States</subfield><subfield code="b">Illinois</subfield><subfield code="c">Cook County</subfield><subfield code="d">Chicago.</subfield></datafield><datafield ind1="0" ind2="8" tag="776"><subfield code="i">Microfilm version:</subfield><subfield code="d">American Theological Library Association</subfield><subfield code="w">(DLC)sn 98021522</subfield><subfield code="w">(OCoLC)38921891</subfield></datafield><datafield ind1="0" ind2="8" tag="776"><subfield code="i">Online version:</subfield><subfield code="t">Standard (Chicago, Ill. : 1867)</subfield><subfield code="w">(OCoLC)657162051</subfield></datafield><datafield ind1="1" ind2="4" tag="780"><subfield code="t">Christian times and witness</subfield><subfield code="w">(DLC)sn 88084201</subfield><subfield code="w">(OCoLC)18434467</subfield></datafield><datafield ind1="1" ind2="4" tag="780"><subfield code="t">Michigan Christian herald (Detroit, Mich. : 1842)</subfield><subfield code="w">(DLC)sn 98066205</subfield><subfield code="w">(OCoLC)11376383</subfield></datafield><datafield ind1="0" ind2="5" tag="780"><subfield code="t">Michigan Christian herald (Detroit, Mich. : 1902)</subfield><subfield code="w">(DLC)sn 98066405</subfield><subfield code="w">(OCoLC)11434975</subfield></datafield><datafield ind1="0" ind2="0" tag="785"><subfield code="t">Baptist (Chicago, Ill.)</subfield><subfield code="w">(DLC)sn 99016360</subfield><subfield code="w">(OCoLC)1776379</subfield></datafield><datafield ind1="1" ind2=" " tag="029"><subfield code="a">AU@</subfield><subfield code="b">000020447656</subfield></datafield></record>